%% This BibTeX bibliography file was created using BibDesk.
%% http://bibdesk.sourceforge.net/

%% Created for Geoffrey at 2015-11-10 16:08:43 -0800 


%% Saved with string encoding Unicode (UTF-8) 
%%%%%%%%%%%%%%%%%%%%%%%%%%%%%%%%%%%%%%%%%%%%%%%%%%%%%%%%%%%%%%%%%
@INPROCEEDINGS{xenstore,
author={Yun Chan Cho and Jae Wook Jeon},
booktitle={2007 International Conference on Control, Automation and Systems},
title={Sharing data between processes running on different domains in para-virtualized xen},
year={2007},
volume={},
number={},
pages={1255-1260},
keywords={embedded systems;mobile computing;operating systems (computers);Linux;critical tasks;data sharing;embedded systems;general purpose operating system;legacy real-time operating system;mobile phones;multimedia applications;paravirtualized Xen;software instability;virtualization technology;Application software;Automatic control;Communication system control;Electronic mail;Embedded system;Linux;Mobile communication;Mobile handsets;Operating systems;Real time systems;IPC;Xen;mobile phone;para virtualization;shared memory},
doi={10.1109/ICCAS.2007.4406528},
ISSN={},
month={Oct},}

@article{rtcloud,
title = "Challenges in real-time virtualization and predictable cloud computing",
journal = "Journal of Systems Architecture",
volume = "60",
number = "9",
pages = "726 - 740",
year = "2014",
issn = "1383-7621",
doi = "https://doi.org/10.1016/j.sysarc.2014.07.004",
url = "http://www.sciencedirect.com/science/article/pii/S1383762114001015",
author = "Marisol Garc√≠a-Valls and Tommaso Cucinotta and Chenyang Lu",
keywords = "Cloud computing, Soft real-time systems, Virtualization, Resource management, Quality of service, SLA"
}
@INPROCEEDINGS{aimd, 
author={Y. R. Yang and S. S. Lam}, 
booktitle={Proceedings 2000 International Conference on Network Protocols}, 
title={General AIMD congestion control}, 
year={2000}, 
volume={}, 
number={}, 
pages={187-198}, 
keywords={packet switching;telecommunication congestion control;transport protocols;DropTail link;GAIMD;RED link;TCP Reno flows;TCP SACK flows;TCP-friendly flow;bandwidth;congestion avoidance state;congestion indication;congestion window adjustment;decrease ratio;general AIMD congestion control;general additive increase multiplicative decrease;increase value;loss rate;mean round-trip time;mean sending rate;mean timeout value;packets acknowledgement;path conditions;sending rate;sending rate formula;simulations;window size;Bandwidth;Costs;Fluctuations;IP networks;Internet;Quality of service;Robust control;Streaming media;Unicast}, 
doi={10.1109/ICNP.2000.896303}, 
ISSN={}, 
month={},}
@article{mem,
 author = {Molt\'{o}, Germ\'{a}n and Caballer, Miguel and de Alfonso, Carlos},
 title = {Automatic Memory-based Vertical Elasticity and Oversubscription on Cloud Platforms},
 journal = {Future Gener. Comput. Syst.},
 issue_date = {March 2016},
 volume = {56},
 number = {C},
 month = mar,
 year = {2016},
 issn = {0167-739X},
 pages = {1--10},
 numpages = {10},
 url = {https://doi.org/10.1016/j.future.2015.10.002},
 doi = {10.1016/j.future.2015.10.002},
 acmid = {2869421},
 publisher = {Elsevier Science Publishers B. V.},
 address = {Amsterdam, The Netherlands, The Netherlands},
 keywords = {Cloud Management platform, Cloud computing, Memory overcommitment, Oversubscription, Vertical elasticity, Virtualisation},
} 


@inproceedings{2007,
 author = {Padala, Pradeep and Shin, Kang G. and Zhu, Xiaoyun and Uysal, Mustafa and Wang, Zhikui and Singhal, Sharad and Merchant, Arif and Salem, Kenneth},
 title = {Adaptive Control of Virtualized Resources in Utility Computing Environments},
 booktitle = {Proceedings of the 2Nd ACM SIGOPS/EuroSys European Conference on Computer Systems 2007},
 series = {EuroSys '07},
 year = {2007},
 isbn = {978-1-59593-636-3},
 location = {Lisbon, Portugal},
 pages = {289--302},
 numpages = {14},
 url = {http://doi.acm.org/10.1145/1272996.1273026},
 doi = {10.1145/1272996.1273026},
 acmid = {1273026},
 publisher = {ACM},
 address = {New York, NY, USA},
 keywords = {application QoS, control theory, data center, resource utilization, server consolidation, virtualization},
} 

@inproceedings{calo,
 author = {Mishra, Nikita and Imes, Connor and Lafferty, John D. and Hoffmann, Henry},
 title = {CALOREE: Learning Control for Predictable Latency and Low Energy},
 booktitle = {Proceedings of the Twenty-Third International Conference on Architectural Support for Programming Languages and Operating Systems},
 series = {ASPLOS '18},
 year = {2018},
 isbn = {978-1-4503-4911-6},
 location = {Williamsburg, VA, USA},
 pages = {184--198},
 numpages = {15},
 url = {http://doi.acm.org/10.1145/3173162.3173184},
 doi = {10.1145/3173162.3173184},
 acmid = {3173184},
 publisher = {ACM},
 address = {New York, NY, USA},
 keywords = {control theory, energy, heterogeneous architectures, machine learning, real-time systems, resource allocation},
} 
@INPROCEEDINGS{poet2, 
author={C. Imes and D. H. K. Kim and M. Maggio and H. Hoffmann}, 
booktitle={2016 IEEE 10th International Symposium on Embedded Multicore/Many-core Systems-on-Chip (MCSOC)}, 
title={Portable Multicore Resource Management for Applications with Performance Constraints}, 
year={2016}, 
volume={}, 
number={}, 
pages={305-312}, 
keywords={Web services;embedded systems;mobile computing;multiprocessing programs;resource allocation;software architecture;software performance evaluation;systems analysis;POET library;Web services;embedded systems;low-power ARM big.LITTLE architectures;mobile systems;performance constraints;performance requirements;portable multicore resource management;resource allocations;sensor data;software applications;x86 server-class systems;Data structures;Energy consumption;Multicore processing;Resource management;Runtime;Software;Timing}, 
doi={10.1109/MCSoC.2016.10}, 
ISSN={}, 
month={Sept},}
@INPROCEEDINGS{poet, 
author={C. Imes and D. H. K. Kim and M. Maggio and H. Hoffmann}, 
booktitle={21st IEEE Real-Time and Embedded Technology and Applications Symposium}, 
title={POET: a portable approach to minimizing energy under soft real-time constraints}, 
year={2015}, 
volume={}, 
number={}, 
pages={75-86}, 
keywords={embedded systems;energy conservation;resource allocation;ARM big.LITTLE system-on-chip;POET approach;control theory;embedded real-time systems;embedded systems;energy consumption minimization;mathematical optimization;mobile Intel Haswell processor;open-source C library;open-source library-based approach;resource management;runtime system;soft realtime constraints;timing constraints;Energy consumption;Optimization;Resource management;Robustness;Runtime;Schedules;Timing}, 
doi={10.1109/RTAS.2015.7108419}, 
ISSN={1545-3421}, 
month={April},}
@INPROCEEDINGS{bard, 
author={C. Imes and H. Hoffmann}, 
booktitle={2016 International Conference on Embedded Computer Systems: Architectures, Modeling and Simulation (SAMOS)}, 
title={Bard: A unified framework for managing soft timing and power constraints}, 
year={2016}, 
volume={}, 
number={}, 
pages={31-38}, 
keywords={embedded systems;linear programming;power aware computing;power consumption;Bard;embedded systems;linear programming;power-energy characteristics;primary constraint;soft timing management;Batteries;Embedded systems;Hardware;Power demand;Real-time systems;Schedules;Timing}, 
doi={10.1109/SAMOS.2016.7818328}, 
ISSN={}, 
month={July},}
@INPROCEEDINGS{dartc, 
author={G. P. C. Tran and Y. A. Chen and D. I. Kang and J. P. Walters and S. P. Crago}, 
booktitle={2016 IEEE 9th International Conference on Cloud Computing (CLOUD)}, 
title={Automated Demand-Based Vertical Elasticity for Heterogeneous Real-Time Workloads}, 
year={2016}, 
volume={}, 
number={}, 
pages={831-834}, 
keywords={cloud computing;virtual machines;DART-C;automated demand-based vertical elasticity;cloud computing;heterogeneous real-time workloads;resource utilization;virtual machines;Cloud computing;Dynamic scheduling;Elasticity;Kernel;Real-time systems;Resource management;Virtual machine monitors;Cloud;Dynamic;KVM;OpenStack;Real-Time;Schedulability;Virtualization;Xen}, 
doi={10.1109/CLOUD.2016.0117}, 
ISSN={}, 
month={June},}
@ARTICLE{rtapp, 
author={K. G. Shin and P. Ramanathan}, 
journal={Proceedings of the IEEE}, 
title={Real-time computing: a new discipline of computer science and engineering}, 
year={1994}, 
volume={82}, 
number={1}, 
pages={6-24}, 
keywords={computer architecture;fault tolerant computing;local area networks;multiprocessing systems;operating systems (computers);real-time systems;redundancy;reviews;scheduling;synchronisation;LAN;clock synchronisation;fault tolerance;real-time OS;real-time computing;redundancy management;scheduling;Application software;Automobiles;Computer displays;Computer science;Environmental economics;Humans;Processor scheduling;Real time systems;Resource management;Wheels}, 
doi={10.1109/5.259423}, 
ISSN={0018-9219}, 
month={Jan},}
@inproceedings{rtxen,
 author = {Xi, Sisu and Wilson, Justin and Lu, Chenyang and Gill, Christopher},
 title = {RT-Xen: Towards Real-time Hypervisor Scheduling in Xen},
 booktitle = {Proceedings of the Ninth ACM International Conference on Embedded Software},
 series = {EMSOFT '11},
 year = {2011},
 isbn = {978-1-4503-0714-7},
 location = {Taipei, Taiwan},
 pages = {39--48},
 numpages = {10},
 url = {http://doi.acm.org/10.1145/2038642.2038651},
 doi = {10.1145/2038642.2038651},
 acmid = {2038651},
 publisher = {ACM},
 address = {New York, NY, USA},
 keywords = {deferrable server, hierarchical scheduling, periodic server, polling server, real-time, sporadic server, virtualization},
} 
@article{xen,
 author = {Barham, Paul and Dragovic, Boris and Fraser, Keir and Hand, Steven and Harris, Tim and Ho, Alex and Neugebauer, Rolf and Pratt, Ian and Warfield, Andrew},
 title = {Xen and the Art of Virtualization},
 journal = {SIGOPS Oper. Syst. Rev.},
 issue_date = {December 2003},
 volume = {37},
 number = {5},
 month = oct,
 year = {2003},
 issn = {0163-5980},
 pages = {164--177},
 numpages = {14},
 url = {http://doi.acm.org/10.1145/1165389.945462},
 doi = {10.1145/1165389.945462},
 acmid = {945462},
 publisher = {ACM},
 address = {New York, NY, USA},
 keywords = {hypervisors, paravirtualization, virtual machine monitors},
} 
@techreport{stride,
 author = {Waldspurger, C. A. and Weihl. W., E.},
 title = {Stride Scheduling: Deterministic Proportional- Share Resource Management},
 year = {1995},
 source = {http://www.ncstrl.org:8900/ncstrl/servlet/search?formname=detail\&id=oai%3Ancstrlh%3Amitai%3AMIT-LCS%2F%2FMIT%2FLCS%2FTM-528},
 publisher = {Massachusetts Institute of Technology},
 address = {Cambridge, MA, USA},
} 
@inproceedings{credit,
 author = {Ongaro, Diego and Cox, Alan L. and Rixner, Scott},
 title = {Scheduling I/O in Virtual Machine Monitors},
 booktitle = {Proceedings of the Fourth ACM SIGPLAN/SIGOPS International Conference on Virtual Execution Environments},
 series = {VEE '08},
 year = {2008},
 isbn = {978-1-59593-796-4},
 location = {Seattle, WA, USA},
 pages = {1--10},
 numpages = {10},
 url = {http://doi.acm.org/10.1145/1346256.1346258},
 doi = {10.1145/1346256.1346258},
 acmid = {1346258},
 publisher = {ACM},
 address = {New York, NY, USA},
 keywords = {machine virtualization, network I/O, scheduling policy, server consolidation, xen},
} 


@INPROCEEDINGS{apid, 
author={Feng Lin and R. D. Brandt and G. Saikalis}, 
booktitle={Proceedings of the 2000 American Control Conference. ACC (IEEE Cat. No.00CH36334)}, 
title={Self-tuning of PID controllers by adaptive interaction}, 
year={2000}, 
volume={5}, 
number={}, 
pages={3676-3681 vol.5}, 
keywords={adaptive control;gradient methods;minimisation;robust control;self-adjusting systems;three-term control;PID controller self-tuning;adaptive interaction;cold start;error function minimization;gradient descent;Adaptive control;Automotive engineering;Control theory;Delay;Industrial control;Programmable control;Robustness;Steady-state;Three-term control;Tuning}, 
doi={10.1109/ACC.2000.879256}, 
ISSN={0743-1619}, 
month={},}

@inproceedings{hb,
 author = {Hoffmann, Henry and Eastep, Jonathan and Santambrogio, Marco D. and Miller, Jason E. and Agarwal, Anant},
 title = {Application Heartbeats: A Generic Interface for Specifying Program Performance and Goals in Autonomous Computing Environments},
 booktitle = {Proceedings of the 7th International Conference on Autonomic Computing},
 series = {ICAC '10},
 year = {2010},
 isbn = {978-1-4503-0074-2},
 location = {Washington, DC, USA},
 pages = {79--88},
 numpages = {10},
 url = {http://doi.acm.org/10.1145/1809049.1809065},
 doi = {10.1145/1809049.1809065},
 acmid = {1809065},
 publisher = {ACM},
 address = {New York, NY, USA},
 keywords = {adaptive computing, self-tuning systems},
} 

@article{mobilenet,
  author    = {Andrew G. Howard and
               Menglong Zhu and
               Bo Chen and
               Dmitry Kalenichenko and
               Weijun Wang and
               Tobias Weyand and
               Marco Andreetto and
               Hartwig Adam},
  title     = {MobileNets: Efficient Convolutional Neural Networks for Mobile Vision
               Applications},
  journal   = {CoRR},
  volume    = {abs/1704.04861},
  year      = {2017},
  url       = {http://arxiv.org/abs/1704.04861},
  archivePrefix = {arXiv},
  eprint    = {1704.04861},
  timestamp = {Wed, 07 Jun 2017 14:40:11 +0200},
  biburl    = {https://dblp.org/rec/bib/journals/corr/HowardZCKWWAA17},
  bibsource = {dblp computer science bibliography, https://dblp.org}
}

@electronic{pyxs,
 title     = "pyxs",
 url       = "http://pyxs.readthedocs.io/"
}

@electronic{xenbus,
 title     = "xenbus",
 url       = "https://wiki.xen.org/wiki/XenStore_Reference/"
}


@article{mild,
 author = {Bharghavan, Vaduvur and Demers, Alan and Shenker, Scott and Zhang, Lixia},
 title = {MACAW: A Media Access Protocol for Wireless LAN's},
 journal = {SIGCOMM Comput. Commun. Rev.},
 issue_date = {Oct. 1994},
 volume = {24},
 number = {4},
 month = oct,
 year = {1994},
 issn = {0146-4833},
 pages = {212--225},
 numpages = {14},
 url = {http://doi.acm.org/10.1145/190809.190334},
 doi = {10.1145/190809.190334},
 acmid = {190334},
 publisher = {ACM},
 address = {New York, NY, USA},
} 
@article{docker,
 author = {Merkel, Dirk},
 title = {Docker: Lightweight Linux Containers for Consistent Development and Deployment},
 journal = {Linux J.},
 issue_date = {March 2014},
 volume = {2014},
 number = {239},
 month = mar,
 year = {2014},
 issn = {1075-3583},
 articleno = {2},
 url = {http://dl.acm.org/citation.cfm?id=2600239.2600241},
 acmid = {2600241},
 publisher = {Belltown Media},
 address = {Houston, TX},
} 
@article{openstack,
	author = {Omar Sefraoui and Mohammed Aissaoui and Mohsine Eleuldj},
	title = {Article: OpenStack: Toward an Open-source Solution for Cloud Computing},
	journal = {International Journal of Computer Applications},
	year = {2012},
	volume = {55},
	number = {3},
	pages = {38-42},
	month = {October},
	note = {Full text available}
}
@ARTICLE{dockerwork, 
author={X. Guan and X. Wan and B. Y. Choi and S. Song and J. Zhu}, 
journal={IEEE Communications Letters}, 
title={Application Oriented Dynamic Resource Allocation for Data Centers Using Docker Containers}, 
year={2017}, 
volume={21}, 
number={3}, 
pages={504-507}, 
keywords={cloud computing;computer centres;resource allocation;AODC-based resource allocation framework;application deployment cost minimization;application oriented docker container;application oriented dynamic resource allocation;automatic scaling;cloud data centers;Cloud computing;Containers;Heuristic algorithms;Libraries;Optimization;Resource management;Virtual machine monitors;Data center;application oriented;cost efficient;resource allocation}, 
doi={10.1109/LCOMM.2016.2644658}, 
ISSN={1089-7798}, 
month={March},}
@ARTICLE{loadbalancer, 
author={S. Sotiriadis and N. Bessis and C. Amza and R. Buyya}, 
journal={IEEE Transactions on Services Computing}, 
title={Vertical and horizontal elasticity for dynamic virtual machine reconfiguration}, 
year={2016}, 
volume={}, 
number={}, 
pages={1-1}, 
keywords={Cloud computing;Elasticity;Load management;Real-time systems;Resource management;Scalability;Throughput;Cloud Computing;Cloud Elasticity;Cloud Load Balancing;Horizontal Scalability;Inter-Cloud;Vertical Scalability}, 
doi={10.1109/TSC.2016.2634024}, 
ISSN={1939-1374}, 
month={},}
